% Encoding: UTF-8

@InBook{shuai12,
  chapter   = {2},
  pages     = {7-41},
  title     = {Theory of Charge Transport in Carbon Electronic Materials},
  publisher = {Springer-Verlag Verlin Heidelberg},
  year      = {2012},
  author    = {Zhigang Shuai and Linjun Wang and Chechen Song},
}

@Article{marcus93,
  author    = {Marcus, Rudolph A.},
  title     = {Electron transfer reactions in chemistry. Theory and experiment},
  journal   = {Rev. Mod. Phys.},
  year      = {1993},
  volume    = {65},
  pages     = {599--610},
  month     = {Jul},
  doi       = {10.1103/RevModPhys.65.599},
  issue     = {3},
  numpages  = {0},
  publisher = {American Physical Society},
  url       = {https://link.aps.org/doi/10.1103/RevModPhys.65.599},
}

@Article{jortner76,
  author  = {Joshua Jortner},
  title   = {Temperature dependent activation energy for electron transfer between biological molecules},
  journal = {The Journal of Chemical Physics},
  year    = {1976},
  volume  = {64},
  number  = {12},
  pages   = {4860-4867},
  doi     = {10.1063/1.432142},
  eprint  = {https://doi.org/10.1063/1.432142},
  url     = { 
        https://doi.org/10.1063/1.432142
    
},
}

@InBook{lin02,
  pages     = {1--88},
  title     = {Ultrafast Dynamics and Spectroscopy of Bacterial Photosynthetic Reaction Centers},
  publisher = {John Wiley \& Sons, Inc.},
  year      = {2002},
  author    = {Lin, S. H. and Chang, C. H. and Liang, K. K. and Chang, R. and Shiu, Y. J. and Zhang, J. M. and Yang, T.-S. and Hayashi, M. and Hsu, F. C.},
  isbn      = {9780471264316},
  booktitle = {Advances in Chemical Physics},
  doi       = {10.1002/0471264318.ch1},
  keywords  = {molecules, absorption spectroscopy, electron transfer, energy transfer, radiationless transitions, relaxation dynamics, heat bath, ultrafast dynamics, pump-probe experiments, transient absorption experiments, photosynthetic reaction centers},
  url       = {http://dx.doi.org/10.1002/0471264318.ch1},
}

@Article{nan09,
  author    = {Nan, Guangjun and Yang, Xiaodi and Wang, Linjun and Shuai, Zhigang and Zhao, Yi},
  title     = {Nuclear tunneling effects of charge transport in rubrene, tetracene, and pentacene},
  journal   = {Phys. Rev. B},
  year      = {2009},
  volume    = {79},
  pages     = {115203},
  month     = {Mar},
  doi       = {10.1103/PhysRevB.79.115203},
  issue     = {11},
  numpages  = {9},
  publisher = {American Physical Society},
  url       = {https://link.aps.org/doi/10.1103/PhysRevB.79.115203},
}

@Comment{jabref-meta: databaseType:bibtex;}
